@inproceedings{wang2023pdpp,
  title={Pdpp: Projected diffusion for procedure planning in instructional videos},
  author={Wang, Hanlin and Wu, Yilu and Guo, Sheng and Wang, Limin},
  booktitle={Proceedings of the IEEE/CVF Conference on Computer Vision and Pattern Recognition},
  pages={14836--14845},
  year={2023}
}
@inproceedings{nichol2021improved,
  title={Improved denoising diffusion probabilistic models},
  author={Nichol, Alexander Quinn and Dhariwal, Prafulla},
  booktitle={International conference on machine learning},
  pages={8162--8171},
  year={2021},
  organization={PMLR}
}
@article{song2020denoising,
  title={Denoising diffusion implicit models},
  author={Song, Jiaming and Meng, Chenlin and Ermon, Stefano},
  journal={arXiv preprint arXiv:2010.02502},
  year={2020}
}
@inproceedings{gao2023masked,
  title={Masked diffusion transformer is a strong image synthesizer},
  author={Gao, Shanghua and Zhou, Pan and Cheng, Ming-Ming and Yan, Shuicheng},
  booktitle={Proceedings of the IEEE/CVF International Conference on Computer Vision},
  pages={23164--23173},
  year={2023}
}
@inproceedings{chang2020procedure,
  title={Procedure planning in instructional videos},
  author={Chang, Chien-Yi and Huang, De-An and Xu, Danfei and Adeli, Ehsan and Fei-Fei, Li and Niebles, Juan Carlos},
  booktitle={European Conference on Computer Vision},
  pages={334--350},
  year={2020},
  organization={Springer}
}
@inproceedings{miech2019howto100m,
  title={Howto100m: Learning a text-video embedding by watching hundred million narrated video clips},
  author={Miech, Antoine and Zhukov, Dimitri and Alayrac, Jean-Baptiste and Tapaswi, Makarand and Laptev, Ivan and Sivic, Josef},
  booktitle={Proceedings of the IEEE/CVF international conference on computer vision},
  pages={2630--2640},
  year={2019}
}
@article{sun2022plate,
  title={Plate: Visually-grounded planning with transformers in procedural tasks},
  author={Sun, Jiankai and Huang, De-An and Lu, Bo and Liu, Yun-Hui and Zhou, Bolei and Garg, Animesh},
  journal={IEEE Robotics and Automation Letters},
  volume={7},
  number={2},
  pages={4924--4930},
  year={2022},
  publisher={IEEE}
}
@inproceedings{khachatryan2023text2video,
  title={Text2video-zero: Text-to-image diffusion models are zero-shot video generators},
  author={Khachatryan, Levon and Movsisyan, Andranik and Tadevosyan, Vahram and Henschel, Roberto and Wang, Zhangyang and Navasardyan, Shant and Shi, Humphrey},
  booktitle={Proceedings of the IEEE/CVF International Conference on Computer Vision},
  pages={15954--15964},
  year={2023}
}
@inproceedings{bi2021procedure,
  title={Procedure planning in instructional videos via contextual modeling and model-based policy learning},
  author={Bi, Jing and Luo, Jiebo and Xu, Chenliang},
  booktitle={Proceedings of the IEEE/CVF International Conference on Computer Vision},
  pages={15611--15620},
  year={2021}
}

@inproceedings{zhao2022p3iv,
  title={P3iv: Probabilistic procedure planning from instructional videos with weak supervision},
  author={Zhao, He and Hadji, Isma and Dvornik, Nikita and Derpanis, Konstantinos G and Wildes, Richard P and Jepson, Allan D},
  booktitle={Proceedings of the IEEE/CVF Conference on Computer Vision and Pattern Recognition},
  pages={2938--2948},
  year={2022}
}
@inproceedings{wang2023event,
  title={Event-guided procedure planning from instructional videos with text supervision},
  author={Wang, An-Lan and Lin, Kun-Yu and Du, Jia-Run and Meng, Jingke and Zheng, Wei-Shi},
  booktitle={Proceedings of the IEEE/CVF International Conference on Computer Vision},
  pages={13565--13575},
  year={2023}
}

@inproceedings{li2023skip,
  title={Skip-plan: Procedure planning in instructional videos via condensed action space learning},
  author={Li, Zhiheng and Geng, Wenjia and Li, Muheng and Chen, Lei and Tang, Yansong and Lu, Jiwen and Zhou, Jie},
  booktitle={Proceedings of the IEEE/CVF International Conference on Computer Vision},
  pages={10297--10306},
  year={2023}
}
@inproceedings{nagasinghe2024not,
  title={Why Not Use Your Textbook? Knowledge-Enhanced Procedure Planning of Instructional Videos},
  author={Nagasinghe, Kumaranage Ravindu Yasas and Zhou, Honglu and Gunawardhana, Malitha and Min, Martin Renqiang and Harari, Daniel and Khan, Muhammad Haris},
  booktitle={Proceedings of the IEEE/CVF Conference on Computer Vision and Pattern Recognition},
  pages={18816--18826},
  year={2024}
}
@article{niu2024schema,
  title={SCHEMA: State CHangEs MAtter for Procedure Planning in Instructional Videos},
  author={Niu, Yulei and Guo, Wenliang and Chen, Long and Lin, Xudong and Chang, Shih-Fu},
  journal={arXiv preprint arXiv:2403.01599},
  year={2024}
}
@inproceedings{weng2024art,
  title={ART-V: Auto-Regressive Text-to-Video Generation with Diffusion Models},
  author={Weng, Wenming and Feng, Ruoyu and Wang, Yanhui and Dai, Qi and Wang, Chunyu and Yin, Dacheng and Zhao, Zhiyuan and Qiu, Kai and Bao, Jianmin and Yuan, Yuhui and others},
  booktitle={Proceedings of the IEEE/CVF Conference on Computer Vision and Pattern Recognition},
  pages={7395--7405},
  year={2024}
}
@inproceedings{zhou2024upscale,
  title={Upscale-A-Video: Temporal-Consistent Diffusion Model for Real-World Video Super-Resolution},
  author={Zhou, Shangchen and Yang, Peiqing and Wang, Jianyi and Luo, Yihang and Loy, Chen Change},
  booktitle={Proceedings of the IEEE/CVF Conference on Computer Vision and Pattern Recognition},
  pages={2535--2545},
  year={2024}
}
@inproceedings{jiang2024videobooth,
  title={Videobooth: Diffusion-based video generation with image prompts},
  author={Jiang, Yuming and Wu, Tianxing and Yang, Shuai and Si, Chenyang and Lin, Dahua and Qiao, Yu and Loy, Chen Change and Liu, Ziwei},
  booktitle={Proceedings of the IEEE/CVF Conference on Computer Vision and Pattern Recognition},
  pages={6689--6700},
  year={2024}
}
@article{croitoru2023diffusion,
  title={Diffusion models in vision: A survey},
  author={Croitoru, Florinel-Alin and Hondru, Vlad and Ionescu, Radu Tudor and Shah, Mubarak},
  journal={IEEE Transactions on Pattern Analysis and Machine Intelligence},
  volume={45},
  number={9},
  pages={10850--10869},
  year={2023},
  publisher={IEEE}
}
@inproceedings{rombach2022high,
  title={High-resolution image synthesis with latent diffusion models},
  author={Rombach, Robin and Blattmann, Andreas and Lorenz, Dominik and Esser, Patrick and Ommer, Bj{\"o}rn},
  booktitle={Proceedings of the IEEE/CVF conference on computer vision and pattern recognition},
  pages={10684--10695},
  year={2022}
}
@article{ho2022video,
  title={Video diffusion models},
  author={Ho, Jonathan and Salimans, Tim and Gritsenko, Alexey and Chan, William and Norouzi, Mohammad and Fleet, David J},
  journal={Advances in Neural Information Processing Systems},
  volume={35},
  pages={8633--8646},
  year={2022}
}
@article{zhou2024storydiffusion,
  title={StoryDiffusion: Consistent Self-Attention for Long-Range Image and Video Generation},
  author={Zhou, Yupeng and Zhou, Daquan and Cheng, Ming-Ming and Feng, Jiashi and Hou, Qibin},
  journal={arXiv preprint arXiv:2405.01434},
  year={2024}
}
@inproceedings{mannor2005cross,
  title={The cross entropy method for classification},
  author={Mannor, Shie and Peleg, Dori and Rubinstein, Reuven},
  booktitle={Proceedings of the 22nd international conference on Machine learning},
  pages={561--568},
  year={2005}
}
@article{kingma2014adam,
  title={Adam: A method for stochastic optimization},
  author={Kingma, Diederik P},
  journal={arXiv preprint arXiv:1412.6980},
  year={2014}
}
@inproceedings{he2016deep,
  title={Deep residual learning for image recognition},
  author={He, Kaiming and Zhang, Xiangyu and Ren, Shaoqing and Sun, Jian},
  booktitle={Proceedings of the IEEE conference on computer vision and pattern recognition},
  pages={770--778},
  year={2016}
}
@inproceedings{hershey2017cnn,
  title={CNN architectures for large-scale audio classification},
  author={Hershey, Shawn and Chaudhuri, Sourish and Ellis, Daniel PW and Gemmeke, Jort F and Jansen, Aren and Moore, R Channing and Plakal, Manoj and Platt, Devin and Saurous, Rif A and Seybold, Bryan and others},
  booktitle={2017 ieee international conference on acoustics, speech and signal processing (icassp)},
  pages={131--135},
  year={2017},
  organization={IEEE}
}
@inproceedings{carreira2017quo,
  title={Quo vadis, action recognition? a new model and the kinetics dataset},
  author={Carreira, Joao and Zisserman, Andrew},
  booktitle={proceedings of the IEEE Conference on Computer Vision and Pattern Recognition},
  pages={6299--6308},
  year={2017}
}
@inproceedings{ronneberger2015u,
  title={U-net: Convolutional networks for biomedical image segmentation},
  author={Ronneberger, Olaf and Fischer, Philipp and Brox, Thomas},
  booktitle={Medical image computing and computer-assisted intervention--MICCAI 2015: 18th international conference, Munich, Germany, October 5-9, 2015, proceedings, part III 18},
  pages={234--241},
  year={2015},
  organization={Springer}
}
@article{henschel2024streamingt2v,
  title={Streamingt2v: Consistent, dynamic, and extendable long video generation from text},
  author={Henschel, Roberto and Khachatryan, Levon and Hayrapetyan, Daniil and Poghosyan, Hayk and Tadevosyan, Vahram and Wang, Zhangyang and Navasardyan, Shant and Shi, Humphrey},
  journal={arXiv preprint arXiv:2403.14773},
  year={2024}
}
@inproceedings{wang2024driving,
  title={Driving into the future: Multiview visual forecasting and planning with world model for autonomous driving},
  author={Wang, Yuqi and He, Jiawei and Fan, Lue and Li, Hongxin and Chen, Yuntao and Zhang, Zhaoxiang},
  booktitle={Proceedings of the IEEE/CVF Conference on Computer Vision and Pattern Recognition},
  pages={14749--14759},
  year={2024}
}
@inproceedings{liao2024bat,
  title={Bat: Behavior-aware human-like trajectory prediction for autonomous driving},
  author={Liao, Haicheng and Li, Zhenning and Shen, Huanming and Zeng, Wenxuan and Liao, Dongping and Li, Guofa and Xu, Chengzhong},
  booktitle={Proceedings of the AAAI Conference on Artificial Intelligence},
  volume={38},
  number={9},
  pages={10332--10340},
  year={2024}
}
@inproceedings{sermanet2024robovqa,
  title={Robovqa: Multimodal long-horizon reasoning for robotics},
  author={Sermanet, Pierre and Ding, Tianli and Zhao, Jeffrey and Xia, Fei and Dwibedi, Debidatta and Gopalakrishnan, Keerthana and Chan, Christine and Dulac-Arnold, Gabriel and Maddineni, Sharath and Joshi, Nikhil J and others},
  booktitle={2024 IEEE International Conference on Robotics and Automation (ICRA)},
  pages={645--652},
  year={2024},
  organization={IEEE}
}
@inproceedings{bhaskara2024trajectory,
  title={Trajectory Prediction for Robot Navigation using Flow-Guided Markov Neural Operator},
  author={Bhaskara, Rashmi and Viswanath, Hrishikesh and Bera, Aniket},
  booktitle={2024 IEEE International Conference on Robotics and Automation (ICRA)},
  pages={15209--15216},
  year={2024},
  organization={IEEE}
}
@inproceedings{bollini2013interpreting,
  title={Interpreting and executing recipes with a cooking robot},
  author={Bollini, Mario and Tellex, Stefanie and Thompson, Tyler and Roy, Nicholas and Rus, Daniela},
  booktitle={Experimental Robotics: The 13th International Symposium on Experimental Robotics},
  pages={481--495},
  year={2013},
  organization={Springer}
}
@article{gruver2024large,
  title={Large language models are zero-shot time series forecasters},
  author={Gruver, Nate and Finzi, Marc and Qiu, Shikai and Wilson, Andrew G},
  journal={Advances in Neural Information Processing Systems},
  volume={36},
  year={2024}
}
@inproceedings{xiong2024teilp,
  title={Teilp: Time prediction over knowledge graphs via logical reasoning},
  author={Xiong, Siheng and Yang, Yuan and Payani, Ali and Kerce, James C and Fekri, Faramarz},
  booktitle={Proceedings of the AAAI Conference on Artificial Intelligence},
  volume={38},
  number={14},
  pages={16112--16119},
  year={2024}
}
@inproceedings{blattmann2023align,
  title={Align your latents: High-resolution video synthesis with latent diffusion models},
  author={Blattmann, Andreas and Rombach, Robin and Ling, Huan and Dockhorn, Tim and Kim, Seung Wook and Fidler, Sanja and Kreis, Karsten},
  booktitle={Proceedings of the IEEE/CVF Conference on Computer Vision and Pattern Recognition},
  pages={22563--22575},
  year={2023}
}
@inproceedings{alayrac2016unsupervised,
  title={Unsupervised learning from narrated instruction videos},
  author={Alayrac, Jean-Baptiste and Bojanowski, Piotr and Agrawal, Nishant and Sivic, Josef and Laptev, Ivan and Lacoste-Julien, Simon},
  booktitle={Proceedings of the IEEE conference on computer vision and pattern recognition},
  pages={4575--4583},
  year={2016}
}
@article{ho2020denoising,
  title={Denoising diffusion probabilistic models},
  author={Ho, Jonathan and Jain, Ajay and Abbeel, Pieter},
  journal={Advances in neural information processing systems},
  volume={33},
  pages={6840--6851},
  year={2020}
}
@inproceedings{tang2019coin,
  title={Coin: A large-scale dataset for comprehensive instructional video analysis},
  author={Tang, Yansong and Ding, Dajun and Rao, Yongming and Zheng, Yu and Zhang, Danyang and Zhao, Lili and Lu, Jiwen and Zhou, Jie},
  booktitle={Proceedings of the IEEE/CVF Conference on Computer Vision and Pattern Recognition},
  pages={1207--1216},
  year={2019}
}
@inproceedings{zhukov2019cross,
  title={Cross-task weakly supervised learning from instructional videos},
  author={Zhukov, Dimitri and Alayrac, Jean-Baptiste and Cinbis, Ramazan Gokberk and Fouhey, David and Laptev, Ivan and Sivic, Josef},
  booktitle={Proceedings of the IEEE/CVF Conference on Computer Vision and Pattern Recognition},
  pages={3537--3545},
  year={2019}
}